@Book{Severance2014,
author={Severance, Charles;
and {이광춘;}},
title={정보교육을 위한 파이썬 :},
year={2014},
publisher={[CreateSpace Independent Publishing Platform],},
address={[United States] : ER -}
}

