@incollection{lee2012market,
  title={A Market-Driven Product Line Scoping},
  author={Lee, Kwangchun and Lee, Dan Hyung},
  booktitle={Software Engineering Research, Management and Applications 2011},
  pages={27--46},
  year={2012},
  publisher={Springer}
}

@inproceedings{lee2008commonality,
  title={Commonality and Variability Visulization using Multidimentional Scaliing},
  author={Lee, KwangChun and Lee, Danhyung and others},
  booktitle={2nd International Workshop on Visualisation in Software Product Line Engineering (ViSPLE2008)},
  pages={343--349},
  year={2008},
  organization={ViSPLE}
}

@article{lee2007priori,
  title={A priori ordering protocols to support consensus-building in multiple stakeholder contexts},
  author={Lee, Dan Hyung and Lee, Kwang Chun and Kang, Sungwon and Baik, Jongmoon},
  journal={Information Sciences},
  volume={177},
  number={15},
  pages={3129--3150},
  year={2007},
  publisher={Elsevier}
}

@inproceedings{lee2007online,
  title={An online help framework for web applications},
  author={Lee, KwangChun and Lee, Dan Hyung},
  booktitle={Proceedings of the 25th annual ACM international conference on Design of communication},
  pages={176--180},
  year={2007}
}

@inproceedings{lee2005quantitative,
  title={Quantitative measurement of quality attribute preferences using conjoint analysis},
  author={Lee, Kwang Chun and Choi, Ho-Jin and Lee, Dan Hyung and Kang, Sungwon},
  booktitle={International Workshop on Design, Specification, and Verification of Interactive Systems},
  pages={213--224},
  year={2005},
  organization={Springer}
}

@MastersThesis{이광춘2002,
author={{이광춘}},
title={웨블릿기반의 Value-at-Risk 및 expected shortfall을 이용한 위험관리},
year={2002},
publisher={연세대학교},
address={KR},
keywords={위험관리; 웨블릿; 극단치이론; risk management; wavelet; value-at-risk; expected shortfall; garch; projection pursuit regression; extreme value theory; mean excess plot; generalized pareto distribution; bootstrapping; backtest},
abstract={최근의 급격한 금융시장의 변화는 위험관리의 중요성을 증대시키고 있다. 본 논문은 효과적인 위험관리를 위해서 그동안 제시되었던 다양한 모형들을 최근에 신호해석등에서 개발된 웨블릿방법과 접목시켜 더욱더 효율적인 위험관리방법론을 제시할 수 있었다. 그 동안 제시되었던 대표적인 위험관리 방법론은 Value-at-Risk(VaR)로 주어진 위험을 계량적으로 나타내는 이해하기 쉽고 또한 개발하기 쉬워서 많은 인기를 얻었다. 그러나 VaR 은 일관된 위험측정의 도구가 되지 못하기 때문에 Expected Shortfall 이 최근에 소개되었다. 이들 위험측정방법들은 잡음이 심한 금융자료에서 올바른 정보를 얻기가 쉽지 않기 때문에 적당한 데이터의 전처리가 요구된다. 이것이 웨블릿방법론을 사용하게 만드는 중요한 동기를 제공한다. 또한 웨블릿의 다양한 잡음제거 방법론을 극단치이론에 적용하여 적정한 꼬리값을 구하는 방법을 제안하였다. 마지막으로 위험관리 방법론은 위험의 정의에서부터 측정 및 측정된 값의 적정성까지 하나의 일관된 과정이고 또한 위험관리의 두가지 커다란 모형인 정적 및 동적 모형에 대한 Backtest 까지를 제안된 방법론에 적용시켜 보았다.},
url={http://www.riss.kr/link?id=T8871996&outLink=N}
}

@inproceedings{lee2010hkmc,
  title={Leveraging Software Product Lines Engineering (SPLE) with Software-as-a-Service (SaaS) in Automotive Domain},
  author={Lee, KwangChun and Lee, Dan Hyung},
  booktitle={Hyundai-Kia  Motors  Conference  2010},
  year={2010}
}

@inproceedings{lee2010hkmc,
  title={Embedding Quality Attributes into Software Product Lines Scoping},
  author={Lee, KwangChun and Lee, JiHyun},
  booktitle={한국 소프트웨어공학 학술대회(KCSE) 2009},
  year={2009}
}

@inproceedings{lee2001var,
  title={Risk Management with Wavelet-based Value-at-Risk and Expected Shortfall},
  author={Lee, KwangChun},
  booktitle={KDMS},
  year={2001}
}

@inproceedings{lee2020auto,
  title={사람과 기계의 일자리 경쟁 요인과 협업 방안},
  author={{이광춘}; and {주용우;}},
  booktitle={한국디지털경영학회},
  year={2020}
}

@Book{Severance2014,
author={Severance, Charles;
and {이광춘;}},
title={정보교육을 위한 파이썬 :},
year={2014},
publisher={[CreateSpace Independent Publishing Platform],},
address={[United States] : ER -}
}


