
@book{brynjolfsson2014second,
  Title = {The second machine age: Work, progress, and prosperity in a time of brilliant technologies},
  Author = {Brynjolfsson, Erik and McAfee, Andrew},
  Year = {2014},
  Publisher = {WW Norton \& Company}
}

@book{ford2015rise,
  title={The rise of the robots: Technology and the threat of mass unemployment},
  author={Ford, Martin},
  year={2015},
  publisher={Oneworld publications}
}

@book{kaplan2015humans,
  title={Humans need not apply: A guide to wealth and work in the age of artificial intelligence},
  author={Kaplan, Jerry},
  year={2015},
  publisher={Yale University Press}
}

@article{cummings2014man,
  title={Man versus machine or man+ machine?},
  author={Cummings, Mary Missy},
  journal={IEEE Intelligent Systems},
  volume={29},
  number={5},
  pages={62--69},
  year={2014},
  publisher={IEEE}
}

@misc{brownlee_2019, 
  title={18 Impressive Applications of Generative Adversarial Networks (GANs)}, 
  url={https://machinelearningmastery.com/impressive-applications-of-generative-adversarial-networks/}, 
  journal={Machine Learning Mastery}, 
  author={Brownlee, Jason}, 
  year={2019}, 
  month={Jul}}

@misc{chang_2017, 
  title={This chart spells out in black and white just how many jobs will be lost to robots}, 
  url={https://www.marketwatch.com/story/this-chart-spells-out-in-black-and-white-just-how-many-jobs-will-be-lost-to-robots-2017-05-31}, 
  journal={MarketWatch}, 
  author={Chang, Sue}, 
  year={2017}, 
  month={Sep}}

@misc{ahlstrom_2019, 
  title={Chart: Why Industrial Robot Sales are Sky High}, 
  url={https://www.visualcapitalist.com/industrial-robot-sales-sky-high/}, 
  journal={Visual Capitalist}, 
  author={Ahlstrom, Ang}, 
  year={2019}, 
  month={Mar}}
  
@misc{wikipedia_2019, 
  title={중국어 방}, 
  url={https://ko.wikipedia.org/wiki/중국어_방}, 
  journal={Wikipedia},
  author={Wikipedia},
  publisher={Wikimedia Foundation}, 
  year={2019}, 
  month={Jul}}  

@misc{hui_2018, 
  title={GAN - Some cool applications of GANs.}, 
  url={https://medium.com/@jonathan_hui/gan-some-cool-applications-of-gans-4c9ecca35900}, 
  journal={Medium}, 
  publisher={Medium}, 
  author={Hui, Jonathan}, 
  year={2018}, 
  month={Jul}}

@misc{zdnet_2019, 
  title={이세돌 9단의 프로기사 포기는 '노동의 미래'다}, 
  url={https://n.news.naver.com/article/092/0002175655}, 
  journal={이세돌 9단의 프로기사 포기는 '노동의 미래'다}, 
  publisher={ZDNet Korea}, 
  author={ZDNet}, 
  year={2019}, 
  month={Nov}}

@book{bivens2014raising,
  title={Raising America's Pay: Why It's Our Central Economic Policy Challenge},
  author={Bivens, Josh and Gould, Elise and Mishel, Lawrence R and Shierholz, Heidi},
  year={2014},
  publisher={Economic Policy Institute}
}

@misc{lee_2014, 
  title={제네바에서 온 편지: 당신의 월급은 공정합니까?}, 
  url={https://slownews.kr/24431}, 
  journal={슬로우뉴스}, 
  author={이 상헌}, 
  year={2014}, 
  month={May}}  

@misc{yakal_2020, 
  title={The Best Tax Software for 2020}, 
  url={https://www.pcmag.com/roundup/167894/the-best-tax-software}, 
  journal={PCMAG}, 
  author={Yakal, Kathy}, 
  year={2020}, 
  month={Feb}}
  
@misc{tax_2019, 
  title={등록세무사만 1만3000명인데 합격자를 늘리다니... 세무사회 불만 고조}, 
  url={http://biz.newdaily.co.kr/site/data/html/2019/01/22/2019012200053.html}, 
  journal={뉴데일리}, 
  author={권 종일}, 
  year={2019}, 
  month={Jan}}  
  
@misc{lim_2018, 
  title={세무사는 얼마나 벌까요}, 
  url={http://news.bizwatch.co.kr/article/tax/2018/10/05/0010}, 
  journal={비즈니스워치}, 
  author={임 명규}, 
  year={2018}, 
  month={Oct}}  


@misc{economic_policy_institute_2019, 
  title={The Productivity-Pay Gap}, 
  url={https://www.epi.org/productivity-pay-gap/},
  author={Economic Policy Institute},
  journal={Economic Policy Institute}, 
  year={2019}, 
  month={Jul}}

@article{ilo2015labour,
  title={The labour share in G20 economies},
  author={Ilo, Oecd},
  journal={Report prepared for the G20 Employment Working Group, Antalya, February},
  year={2015}
}

@misc{youngwoo_2018, 
  title={[4차 산업혁명과 직업의 미래] 7. 스마트팩토리의 현재와 미래}, 
  url={https://it.donga.com/28165/}, 
  author={영우, 김}, 
  journal={IT 동아},
  year={2018}, 
  month={Sep}}
  